%% This BibTeX bibliography file was created using BibDesk.
%% http://bibdesk.sourceforge.net/

%% Created for Erik Rosvall at 2018-01-20 12:42:31 +0100 


%% Saved with string encoding Unicode (UTF-8) 



@phdthesis{metalearningsvms,
	Author = {Nuwan Amila Gunasekara},
	Date-Added = {2018-01-20 11:41:23 +0000},
	Date-Modified = {2018-01-20 11:42:30 +0000},
	School = {Auckland University of Technology},
	Title = {Meta Learning on String Kernel SVMs},
	Year = {2010}}

@inproceedings{simpleSVMswork,
	Author = {Sida Wang and Christopher D.Manning},
	Booktitle = {Proceedings of the 50th Annual Meeting of the Association for Computational Linguistics (Volume 2: Short Papers)},
	Date-Added = {2018-01-11 13:27:30 +0000},
	Date-Modified = {2018-01-11 13:48:46 +0000},
	Journal = {Association for Computational Linguistics},
	Pages = {90--94},
	Publisher = {Association for Computational Linguistics},
	Title = {Baselines and Bigrams: Simple, Good Sentiment and Topic Classification},
	Year = {2012}}

@webpage{fbFasttext,
	Author = {Piotr Bojanowski, Edouard Grave, Armand Joulin, Tomas Mikolov},
	Date-Added = {2018-01-11 12:15:00 +0000},
	Date-Modified = {2018-01-11 12:16:03 +0000},
	Keywords = {fastText},
	Lastchecked = {01-2018},
	Month = {August},
	Title = {fastText},
	Url = {https://research.fb.com/fasttext/},
	Year = {2016},
	Bdsk-Url-1 = {https://research.fb.com/fasttext/}}

@article{lodhi2002text,
	Author = {Lodhi, Huma and Saunders, Craig and Shawe-Taylor, John and Cristianini, Nello and Watkins, Chris},
	Journal = {Journal of Machine Learning Research},
	Number = {Feb},
	Pages = {419--444},
	Title = {Text classification using string kernels},
	Volume = {2},
	Year = {2002}}

@article{joulin2016bag,
	title={Bag of tricks for efficient text classification},
	author={Joulin, Armand and Grave, Edouard and Bojanowski, Piotr and Mikolov, Tomas},
	journal={arXiv preprint arXiv:1607.01759},
	year={2016}
}

@article{Lodhi3	
	author = {Lodhi, Huma and Saunders, Craig and Shawe-Taylor, John and Cristianini, Nello and Watkins, Chris},
	title = {Text Classification Using String Kernels},
	journal = {J. Mach. Learn. Res.},
	issue_date = {3/1/2002},
	volume = {2},
	month = mar,
	year = {2002},
	issn = {1532-4435},
	pages = {419--444},
	numpages = {26},
	url = {https://doi.org/10.1162/153244302760200687},
	doi = {10.1162/153244302760200687},
	acmid = {944799},
	publisher = {JMLR.org},
	keywords = {approximating kernels, kernels and support vector machines, string subsequence kernel, text classification},
} 